@ONLINE {f1tenth,
    author = "University of Pennsylvania",
    title  = "F1/10 Autonomous Racing Competition",
    month  = "mar",
    year   = "2018",
    url    = "http://f1tenth.org"
}

@ONLINE {turtlebot
    title  = "TurtleBot 3",
    month  = "may",
    year   = "2018",
    url    = "https://www.turtlebot.com/"
}

@ONLINE {beast,
    author = "D-Power",
    title  = "BEAST BX Buggy RTR 1/10 Brushed",
    month  = "mar",
    year   = "2018",
    url    = "https://www.d-power-modellbau.com/modelle/fahrzeuge/rc-cars/beast-bx-buggy-rtr"
}

@ONLINE {sweep,
    title  = "Scanse Sweep LIDAR",
    month  = "mar",
    year   = "2018",
    url    = "http://scanse.io"
}

@ONLINE {imu,
    title  = "Bosch BNO055",
    author = "Bosch Sensortec",
    month  = "may",
    year   = "2018",
    url    = "https://www.bosch-sensortec.com/bst/products/all_products/bno055"
}

@ONLINE {lidar-lite,
    title  = "Garmin LIDAR-Lite v3",
    month  = "mar",
    year   = "2018",
    url    = "https://buy.garmin.com/en-US/US/p/557294"
}

@ONLINE {dcm,
    title  = "Direction Cosine Matrix IMU: Theory",
    author = "William Premerlani, Paul Bizard",
    month  = "mar",
    year   = "2018",
    url    = "https://wiki.paparazziuav.org/w/images/e/e5/DCMDraft2.pdf"
}

@ONLINE {raspberry,
    title  = "Raspberry PI 3 Model B",
    month  = "mar",
    year   = "2018",
    url    = "https://www.raspberrypi.org/products/raspberry-pi-3-model-b/"
}

@ONLINE {arduino,
    title  = "Arduino",
    month  = "mar",
    year   = "2018",
    url    = "https://www.arduino.cc/"
}

@ONLINE {ros,
    title  = "Robot Operating System",
    month  = "mar",
    year   = "2018",
    url    = "http://www.ros.org"
}